@misc{NSODashboard,
  author = {National Statistical Office of Thailand},
  title = {{Is the virtual celebrity industry still on the rise in 2020? }},
  howpublished = "Available at \url{http://ittdashboard.nso.go.th/preview.php?id_project=60}",
  year = {2021}, 
  note = "[Online; September 1, 2023]"
}

@article{relatedwork1,
  author          = {Chonnatee Rodsawang et al},
  journal         = {OSIR Journal},
  number          = {2},
  title           = {Designing a Competent Chatbot to Counter the COVID-19 Pandemic and Empower Risk Communication in an Emergency Response System},
  volume          = {13},
  year            = 2020
}

@misc{dentalchat,
  author = {Dental Chat},
  title = {{Dental Chat}},
  howpublished = {\url{https://dentalchat.com/}},
  year = {2000},
  note = "[Online; September 5, 2023]"
}

@misc{psyjai,
  author = {PsyJai},
  title = {{PsyJai}},
  howpublished = {\url{https://psyjai.com/}},
  year = {2021},
  note = "[Online; September 5, 2023]"
}

@misc{huggingface1,
  title = {{timpal0l/mdeberta v3 base squad2 · Hugging Face}},
  author = {timpal0l},
  howpublished = {\url{https://huggingface.co/timpal0l/mdeberta-v3-base-squad2}},
  year = {2022},
  month = nov,
  note = "[Online; November 15, 2023]"
}

@misc{huggingface2,
  title = {{humarin/chatgpt paraphraser on T5 base · Hugging Face}},
  author = {humarin},
  year = {2023},
  month = mar,
  howpublished = {\url{https://huggingface.co/humarin/chatgpt_paraphraser_on_T5_base}},
  note = "[Online; November 20, 2023]"
}

@misc{decisiontree1,
  title = {{Decision Tree}},
  author = {edX},
  howpublished = {\url{https://www.mastersindatascience.org/learning/machine-learning-algorithms/decision-tree/}},
  year = {n.d.}
}

@article{decisiontree2,
  author = {Nagesh Singh Chauhan},
  title = {Decision Tree Algorithm, Explained},
  journal = {KDnuggets},
  year = 2022,
  month = feb
}

@article{deberta1,
  author          = {Pengcheng He et all},
  journal         = {arXiv},
  title           = {DeBERTa: Decoding-enhanced BERT with Disentangled Attention},
  year            = 2021,
  month           = jun
}

@misc{deberta2,
  author        = {Rastogi, R.},
  title         = {{Papers Explained 08: DeBERTa}},
  howpublished  = {\url{https://medium.com/dair-ai/papers-explained-08-deberta-a808d9b2c52d}},
  year          = {2023},
  month         =  feb
}

@misc{NaïveBayes1,
  author        = {Bassant Gamal},
  title         = {Naïve Bayes Algorithm},
  howpublished  = {\url{https://medium.com/analytics-vidhya/na%C3%AFve-bayes-algorithm-5bf31e9032a2}},
  year          = {2020},
  month         =  dec
}

@misc{NaïveBayes2,
  author        = {Geeksforgeeks},
  title         = {Naive Bayes Classifiers},
  howpublished  = {\url{https://www.geeksforgeeks.org/naive-bayes-classifiers/}},
  year          = {2024},
  month         =  Mar
}
@misc{CUQ,
  author        = {Ulster University},
  title         = {The Chatbot Usability Questionnaire (CUQ)},
  howpublished  = {\url{https://www.ulster.ac.uk/research/topic/computer-science/artificial-intelligence/projects/cuq}},
  year          = {2022}
  }
@misc{ToothRemoval,
  author        = {Siriraj Piyamaharajkarun Hospital},
  title         = {\textthai{การถอนฟัน เรื่องสำคัญที่ควรรู้} The Extraction of Teeth},
  howpublished  = {\url{https://www.siphhospital.com/th/news/article/share/extraction-of-teeth}},
  year          = {2024},
  month         =  Mar
}
@misc{WisdomTooth,
  author        = {Phyathai Hospital},
  title         = {\textthai{ถาม-ตอบ 8 ข้อสงสัย ในการถอนฟันคุด}},
  howpublished  = {\url{https://www.phyathai.com/th/article/3657-%E0%B8%96%E0%B8%B2%E0%B8%A1-%E0%B8%95%E0%B8%AD%E0%B8%9A_8_%E0%B8%82%E0%B9%89%E0%B8%AD%E0%B8%AA%E0%B8%87%E0%B8%AA%E0%B8%B1%E0%B8%A2_%E0%B9%83%E0%B8%99%E0%B8%81%E0%B8%B2%E0%B8%A3%E0%B8%96%E0%B8%AD}},
  year          = {2021},
  month         =  Nov
}
@misc{dentalImplant1,
  author        = {Bangkok International Dental Center},
  title         = {\textthai{การปลูกรากฟันเทียมแบบทั่วไป วิธีการดูแลรักษารากเทียม}},
  howpublished  = {\url{https://thailanddentalclinic.com/conventional-implants/}},
  year          = {2023},
  month         =  Aug
}
@misc{dentalImplant2,
  author        = {Bangkok Dental Implant},
  title         = {\textthai{รากฟันเทียมแบบทั่วไป}},
  howpublished  = {\url{https://smileandcodentalclinic.com/dental-implant/}},
  year          = {n.d.},
  month         = {n.d.}
}
@misc{periodontal1,
  author        = {Smile \& Co. Dental Clinic},
  title         = {\textthai{การทำรากฟันเทียม คืออะไร เป็นฟันปลอมที่ดีที่สุด จริงไหม ?}},
  howpublished  = {\url{https://www.phyathai.com/th/article/3657-%E0%B8%96%E0%B8%B2%E0%B8%A1-%E0%B8%95%E0%B8%AD%E0%B8%9A_8_%E0%B8%82%E0%B9%89%E0%B8%AD%E0%B8%AA%E0%B8%87%E0%B8%AA%E0%B8%B1%E0%B8%A2_%E0%B9%83%E0%B8%99%E0%B8%81%E0%B8%B2%E0%B8%A3%E0%B8%96%E0%B8%AD}},
  year          = {n.d.},
  month         = {n.d.}
}
@misc{periodontal2,
  author        = {Bangkok International Dental Center},
  title         = {\textthai{โรคเหงือกหรือโรคปริทันต์ เหงือกอักเสบ เกิดจากอะไร?}},
  howpublished  = {\url{https://thailanddentalclinic.com/services/periodontic/}},
  year          = {n.d.},
  month         = {n.d.}
}